%%%%%%%%%%%%%%%%%%%%%%%%%%%%%%%%%%%%%%%%%%%%%%%%%%%%%%%%%%%%%%%%%%%%%%%%%%
%
% brain.bib 
%
% more information about this file is available at the biborb website: 
%% http://bib.brainworks.uni-freiburg.de/bibindex.php?bibname=brain&mode=about
%
%%%%%%%%%%%%%%%%%%%%%%%%%%%%%%%%%%%%%%%%%%%%%%%%%%%%%%%%%%%%%%%%%%%%%%%%%%

@article{Friston1995,
  title={Schizophrenia: A Disconnection Syndrome?},
  author={Friston, Karl J. and Frith, Christopher D.},
  journal={Clinical Neuroscience},
  volume={3},
  pages={89--97},
  year={1995}
}

@article{Wright2010,
  title={Anatomy of bipolar disorder and schizophrenia: A meta-analysis},
  author={Ellison-Wright, Ian and Bullmore, Ed},
  journal={Schizophrenia Research},
  volume={117},
  number={1},
  pages={1--12},
  year={2010},
  publisher={Elsevier}
}

@article{Wright2009,
  title={Meta-analysis of diffusion tensor imaging studies in schizophrenia},
  author={Ellison-Wright, Ian and Bullmore, Ed},
  journal={Schizophrenia Research},
  volume={108},
  number={1},
  pages={3--10},
  year={2009},
  publisher={Elsevier}
}

@article{Shenton2010,
  title={Structural Neuroimaging in Schizophrenia from Methods to Insights to Treatments},
  author={Shenton, Martha E. and Whitford, Thomas J. and Kubicki, Marek},
  journal={Dialogues in Clinical Neuroscience},
  volume={12},
  number={3},
  pages={317--332},
  year={2010}
}

@article{Woodward2011,
  title={Functional resting-state networks are differentially affected in schizophrenia.},
  author={Woodward, Neil D. and Rogers, Baxter and Heckers, Stephan},
  journal={Schizophrenia research},
  volume={130},
  number={1--3},
  pages={86--93},
  year={2011}
}

@article{Yu2012,
  title={Brain connectivity networks in schizophrenia underlying resting state functional magnetic resonance imaging},
  author={Yu, Qingbao and Allen, Elena A. and Sui, Jing and Arbabshirani, Mohammad R. and Pearlson, Godfrey and Calhoun, Vince D.},
  journal={Current Topics in Medicinal Chemistry},
  volume={12},
  number={21},
  pages={2415--2425},
  year={2016}
}


